@ARTICLE{HuffMcal2017,
   author = {{Huff}, E. and {Mandelbaum}, R.},
    title = "{Metacalibration: Direct Self-Calibration of Biases in Shear Measurement}",
  journal = {arXiv: 1702.02600},
archivePrefix = "arXiv",
   eprint = {1702.02600},
 keywords = {Astrophysics - Cosmology and Nongalactic Astrophysics},
     year = 2017,
    month = feb,
   adsurl = {http://adsabs.harvard.edu/abs/2017arXiv170202600H},
  adsnote = {Provided by the SAO/NASA Astrophysics Data System}
}

@ARTICLE{SheldonMcal2017,
   author = {{Sheldon}, E.~S. and {Huff}, E.~M.},
    title = "{Practical Weak-lensing Shear Measurement with Metacalibration}",
  journal = {\apj},
archivePrefix = "arXiv",
   eprint = {1702.02601},
 keywords = {cosmology: observations, gravitational lensing: weak, methods: observational},
     year = 2017,
    month = may,
   volume = 841,
      eid = {24},
    pages = {24},
      doi = {10.3847/1538-4357/aa704b},
   adsurl = {http://adsabs.harvard.edu/abs/2017ApJ...841...24S},
  adsnote = {Provided by the SAO/NASA Astrophysics Data System}
}
@ARTICLE{mdet20,
       author = {{Sheldon}, Erin S. and {Becker}, Matthew R. and {MacCrann}, Niall and {Jarvis}, Michael},
        title = "{Mitigating Shear-dependent Object Detection Biases with Metacalibration}",
      journal = {\apj},
     keywords = {Weak gravitational lensing, 1797, Astrophysics - Cosmology and Nongalactic Astrophysics},
         year = 2020,
        month = oct,
       volume = {902},
       number = {2},
          eid = {138},
        pages = {138},
          doi = {10.3847/1538-4357/abb595},
archivePrefix = {arXiv},
       eprint = {1911.02505},
 primaryClass = {astro-ph.CO},
       adsurl = {https://ui.adsabs.harvard.edu/abs/2020ApJ...902..138S},
      adsnote = {Provided by the SAO/NASA Astrophysics Data System}
}

@article{dfmcal22,
  author        = {{Zhang}, Zhuoqi and {Becker}, Matthew R. and {Sheldon}, Erin S.},
  title         = {{Deep-field Metacalibration}},
  journal       = {arXiv e-prints},
  keywords      = {Astrophysics - Instrumentation and Methods for Astrophysics, Astrophysics - Cosmology and Nongalactic Astrophysics},
  year          = 2022,
  month         = jun,
  eid           = {arXiv:2206.07683},
  pages         = {arXiv:2206.07683},
  archiveprefix = {arXiv},
  eprint        = {2206.07683},
  primaryclass  = {astro-ph.IM},
  adsurl        = {https://ui.adsabs.harvard.edu/abs/2022arXiv220607683Z},
  adsnote       = {Provided by the SAO/NASA Astrophysics Data System}
}



@ARTICLE{BernBFD2016,
   author = {{Bernstein}, G.~M. and {Armstrong}, R. and {Krawiec}, C. and
	{March}, M.~C.},
    title = "{An accurate and practical method for inference of weak gravitational lensing from galaxy images}",
  journal = {\mnras},
archivePrefix = "arXiv",
   eprint = {1508.05655},
 primaryClass = "astro-ph.IM",
 keywords = {gravitational lensing: weak, methods: data analysis},
     year = 2016,
    month = jul,
   volume = 459,
    pages = {4467-4484},
      doi = {10.1093/mnras/stw879},
   adsurl = {http://adsabs.harvard.edu/abs/2016MNRAS.459.4467B},
  adsnote = {Provided by the SAO/NASA Astrophysics Data System}
}

@ARTICLE{DawsonBlending2016,
   author = {{Dawson}, W.~A. and {Schneider}, M.~D. and {Tyson}, J.~A. and
	{Jee}, M.~J.},
    title = "{The Ellipticity Distribution of Ambiguously Blended Objects}",
  journal = {\apj},
archivePrefix = "arXiv",
   eprint = {1406.1506},
 keywords = {cosmology: miscellaneous, galaxies: general, gravitational lensing: weak},
     year = 2016,
    month = jan,
   volume = 816,
      eid = {11},
    pages = {11},
      doi = {10.3847/0004-637X/816/1/11},
   adsurl = {http://adsabs.harvard.edu/abs/2016ApJ...816...11D},
  adsnote = {Provided by the SAO/NASA Astrophysics Data System}
}

% Book
@BOOK{SchneiderBook92,
    author = {{Schneider}, P. and {Ehlers}, J.~;. and {Falco}, E.~E.},
    title = "{Gravitational Lenses}",
    publisher = {Gravitational Lenses, XIV, 560 pp.~112 figs..~Springer-Verlag Berlin Heidelberg New York.~ Also Astronomy and Astrophysics Library},
    year = 1992,
    adsnote = {Provided by the NASA Astrophysics Data System}
}

@UNPUBLISHED{NarayanNotes97,
    author = {{Narayan}, R. and {Bartelmann}, M.},
    title = "{Lectures on Gravitational Lensing}",
    year = 1997,
    note = "{unpublished lectures (astro-ph/9606001)}"
}

@ARTICLE{Bertin96,
    author = {{Bertin}, E. and {Arnouts}, S.},
    title = "{SExtractor: Software for source extraction.}",
    journal = {\aaps},
    year = 1996,
    month = jun,
    volume = 117,
    pages = {393--404},
    adsnote = {Provided by the NASA Astrophysics Data System}
}

@ARTICLE{BoschHSC2018,
   author = {{Bosch}, J. and {Armstrong}, R. and {Bickerton}, S. and {Furusawa}, H. and
	{Ikeda}, H. and {Koike}, M. and {Lupton}, R. and {Mineo}, S. and
	{Price}, P. and {Takata}, T. and {Tanaka}, M. and {Yasuda}, N. and
	{AlSayyad}, Y. and {Becker}, A.~C. and {Coulton}, W. and {Coupon}, J. and
	{Garmilla}, J. and {Huang}, S. and {Krughoff}, K.~S. and {Lang}, D. and
	{Leauthaud}, A. and {Lim}, K.-T. and {Lust}, N.~B. and {MacArthur}, L.~A. and
	{Mandelbaum}, R. and {Miyatake}, H. and {Miyazaki}, S. and {Murata}, R. and
	{More}, S. and {Okura}, Y. and {Owen}, R. and {Swinbank}, J.~D. and
	{Strauss}, M.~A. and {Yamada}, Y. and {Yamanoi}, H.},
    title = "{The Hyper Suprime-Cam software pipeline}",
  journal = {\pasj},
archivePrefix = "arXiv",
   eprint = {1705.06766},
 primaryClass = "astro-ph.IM",
 keywords = {methods: data analysis, surveys, techniques: image processing},
     year = 2018,
    month = jan,
   volume = 70,
      eid = {S5},
    pages = {S5},
      doi = {10.1093/pasj/psx080},
   adsurl = {http://adsabs.harvard.edu/abs/2018PASJ...70S...5B},
  adsnote = {Provided by the SAO/NASA Astrophysics Data System}
}


@ARTICLE{BoschLSST2018,
   author = {{Bosch}, J. and {AlSayyad}, Y. and {Armstrong}, R. and {Bellm}, E. and
	{Chiang}, H.-F. and {Eggl}, S. and {Findeisen}, K. and {Fisher-Levine}, M. and
	{Guy}, L.~P. and {Guyonnet}, A. and {Ivezi{\'c}}, {\v Z}. and
	{Jenness}, T. and {Kov{\'a}cs}, G. and {Krughoff}, K.~S. and
	{Lupton}, R.~H. and {Lust}, N.~B. and {MacArthur}, L.~A. and
	{Meyers}, J. and {Moolekamp}, F. and {Morrison}, C.~B. and {Morton}, T.~D. and
	{O'Mullane}, W. and {Parejko}, J.~K. and {Plazas}, A.~A. and
	{Price}, P.~A. and {Rawls}, M.~L. and {Reed}, S.~L. and {Schellart}, P. and
	{Slater}, C.~T. and {Sullivan}, I. and {Swinbank}, J.~D. and
	{Taranu}, D. and {Waters}, C.~Z. and {Wood-Vasey}, W.~M.},
    title = "{An Overview of the LSST Image Processing Pipelines}",
  journal = {arXiv:1812.03248},
archivePrefix = "arXiv",
   eprint = {1812.03248},
 primaryClass = "astro-ph.IM",
 keywords = {Astrophysics - Instrumentation and Methods for Astrophysics},
     year = 2018,
    month = dec,
   adsurl = {http://adsabs.harvard.edu/abs/2018arXiv181203248B},
  adsnote = {Provided by the SAO/NASA Astrophysics Data System}
}
@INPROCEEDINGS{BoschLSST2019,
       author = {{Bosch}, James and {AlSayyad}, Yusra and {Armstrong}, Robert and {Bellm}, Eric and {Chiang}, Hsin-Fang and {Eggl}, Siegfried and {Findeisen}, Krzysztof and {Fisher-Levine}, Merlin and {Guy}, Leanne P. and {Guyonnet}, Augustin and {Ivezi{\'c}}, {\v{Z}}eljko and {Jenness}, Tim and {Kov{\'a}cs}, G{\'a}bor and {Krughoff}, K. Simon and {Lupton}, Robert H. and {Lust}, Nate B. and {MacArthur}, Lauren A. and {Meyers}, Joshua and {Moolekamp}, Fred and {Morrison}, Christopher B. and {Morton}, Timothy D. and {O'Mullane}, William and {Parejko}, John K. and {Plazas}, Andr{\'e}s A. and {Price}, Paul A. and {Rawls}, Meredith L. and {Reed}, Sophie L. and {Schellart}, Pim and {Slater}, Colin T. and {Sullivan}, Ian and {Swinbank}, John D. and {Taranu}, Dan and {Waters}, Christopher Z. and {Wood-Vasey}, W.~M.},
        title = "{An Overview of the LSST Image Processing Pipelines}",
     keywords = {Astrophysics - Instrumentation and Methods for Astrophysics},
    booktitle = {Astronomical Data Analysis Software and Systems XXVII},
         year = 2019,
       editor = {{Teuben}, Peter J. and {Pound}, Marc W. and {Thomas}, Brian A. and {Warner}, Elizabeth M.},
       series = {Astronomical Society of the Pacific Conference Series},
       volume = {523},
        month = oct,
        pages = {521},
archivePrefix = {arXiv},
       eprint = {1812.03248},
 primaryClass = {astro-ph.IM},
       adsurl = {https://ui.adsabs.harvard.edu/abs/2019ASPC..523..521B},
      adsnote = {Provided by the SAO/NASA Astrophysics Data System}
}



@ARTICLE{devauc1948,
   author = {{de Vaucouleurs}, G.},
    title = "{Recherches sur les Nebuleuses Extragalactiques}",
  journal = {Annales d'Astrophysique},
     year = 1948,
    month = jan,
   volume = 11,
    pages = {247},
   adsurl = {http://adsabs.harvard.edu/abs/1948AnAp...11..247D},
  adsnote = {Provided by the SAO/NASA Astrophysics Data System}
}

@ARTICLE{ba14,
    author = {{Bernstein}, G.~M. and {Armstrong}, R.},
    title = "{Bayesian lensing shear measurement}",
    journal = {\mnras},
    archivePrefix = "arXiv",
    eprint = {1304.1843},
    primaryClass = "astro-ph.CO",
    keywords = {gravitational lensing: weak, methods: data analysis},
    year = 2014,
    month = feb,
    volume = 438,
    pages = {1880-1893},
    doi = {10.1093/mnras/stt2326},
    adsurl = {http://adsabs.harvard.edu/abs/2014MNRAS.438.1880B},
    adsnote = {Provided by the SAO/NASA Astrophysics Data System}
}

@ARTICLE{galsim2015,
   author = {{Rowe}, B.~T.~P. and {Jarvis}, M. and {Mandelbaum}, R. and {Bernstein}, G.~M. and
    {Bosch}, J. and {Simet}, M. and {Meyers}, J.~E. and {Kacprzak}, T. and
    {Nakajima}, R. and {Zuntz}, J. and {Miyatake}, H. and {Dietrich}, J.~P. and
    {Armstrong}, R. and {Melchior}, P. and {Gill}, M.~S.~S.},
    title = "{GALSIM: The modular galaxy image simulation toolkit}",
  journal = {Astronomy and Computing},
archivePrefix = "arXiv",
   eprint = {1407.7676},
 primaryClass = "astro-ph.IM",
 keywords = {Methods: data analysis, Techniques: image processing, Gravitational lensing, Cosmology: observations},
     year = 2015,
    month = apr,
   volume = 10,
    pages = {121-150},
      doi = {10.1016/j.ascom.2015.02.002},
   adsurl = {http://adsabs.harvard.edu/abs/2015A%26C....10..121R},
  adsnote = {Provided by the SAO/NASA Astrophysics Data System}
}

@article{heymans2012,
    author = {Heymans, Catherine and Kitching, Thomas and Rowe, Barnaby and Hoekstra, Henk and Miller, Lance and Erben, Thomas and Van Waerbeke, Ludovic},
    title = "{The impact of high spatial frequency atmospheric distortions on weak-lensing measurements}",
    journal = {Monthly Notices of the Royal Astronomical Society},
    volume = {421},
    number = {1},
    pages = {381-389},
    year = {2012},
    month = {03},
    issn = {0035-8711},
    doi = {10.1111/j.1365-2966.2011.20312.x},
    url = {https://doi.org/10.1111/j.1365-2966.2011.20312.x},
    eprint = {http://oup.prod.sis.lan/mnras/article-pdf/421/1/381/3133352/mnras0421-0381.pdf},
}

@ARTICLE{DESY1cat,
       author = {{Drlica-Wagner}, A. and {Sevilla-Noarbe}, I. and {Rykoff}, E.~S. and
         {Gruendl}, R.~A. and {Yanny}, B. and {Tucker}, D.~L. and {Hoyle}, B. and
         {Carnero Rosell}, A. and {Bernstein}, G.~M. and {Bechtol}, K. and
         {Becker}, M.~R. and {Benoit-L{\'e}vy}, A. and {Bertin}, E. and
         {Carrasco Kind}, M. and {Davis}, C. and {de Vicente}, J. and
         {Diehl}, H.~T. and {Gruen}, D. and {Hartley}, W.~G. and {Leistedt}, B. and
         {Li}, T.~S. and {Marshall}, J.~L. and {Neilsen}, E. and {Rau}, M.~M. and
         {Sheldon}, E. and {Smith}, J. and {Troxel}, M.~A. and {Wyatt}, S. and
         {Zhang}, Y. and {Abbott}, T.~M.~C. and {Abdalla}, F.~B. and
         {Allam}, S. and {Banerji}, M. and {Brooks}, D. and {Buckley-Geer}, E. and
         {Burke}, D.~L. and {Capozzi}, D. and {Carretero}, J. and
         {Cunha}, C.~E. and {D'Andrea}, C.~B. and {da Costa}, L.~N. and
         {DePoy}, D.~L. and {Desai}, S. and {Dietrich}, J.~P. and {Doel}, P. and
         {Evrard}, A.~E. and {Fausti Neto}, A. and {Flaugher}, B. and
         {Fosalba}, P. and {Frieman}, J. and {Garc{\'\i}a-Bellido}, J. and
         {Gerdes}, D.~W. and {Giannantonio}, T. and {Gschwend}, J. and
         {Gutierrez}, G. and {Honscheid}, K. and {James}, D.~J. and
         {Jeltema}, T. and {Kuehn}, K. and {Kuhlmann}, S. and {Kuropatkin}, N. and
         {Lahav}, O. and {Lima}, M. and {Lin}, H. and {Maia}, M.~A.~G. and
         {Martini}, P. and {McMahon}, R.~G. and {Melchior}, P. and
         {Menanteau}, F. and {Miquel}, R. and {Nichol}, R.~C. and {Ogand
        o}, R.~L.~C. and {Plazas}, A.~A. and {Romer}, A.~K. and {Roodman}, A. and
         {Sanchez}, E. and {Scarpine}, V. and {Schindler}, R. and
         {Schubnell}, M. and {Smith}, M. and {Smith}, R.~C. and
         {Soares-Santos}, M. and {Sobreira}, F. and {Suchyta}, E. and
         {Tarle}, G. and {Vikram}, V. and {Walker}, A.~R. and {Wechsler}, R.~H. and
         {Zuntz}, J. and {DES Collaboration}},
        title = "{Dark Energy Survey Year 1 Results: The Photometric Data Set for Cosmology}",
      journal = {\apjs},
     keywords = {catalogs, cosmology: observations, surveys, techniques: image processing, techniques: photometric, Astrophysics - Cosmology and Nongalactic Astrophysics, Astrophysics - Instrumentation and Methods for Astrophysics},
         year = "2018",
        month = "Apr",
       volume = {235},
       number = {2},
          eid = {33},
        pages = {33},
          doi = {10.3847/1538-4365/aab4f5},
archivePrefix = {arXiv},
       eprint = {1708.01531},
 primaryClass = {astro-ph.CO},
       adsurl = {https://ui.adsabs.harvard.edu/abs/2018ApJS..235...33D},
      adsnote = {Provided by the SAO/NASA Astrophysics Data System}
}

@misc{sep,
  author       = {Kyle Barbary and
                  Kyle Boone and
                  Matt Craig and
                  Christoph Deil and
                  Benjamin Rose},
  title        = {kbarbary/sep: v1.0.2},
  month        = sep,
  year         = 2017,
  doi          = {10.5281/zenodo.896928},
  url          = {https://doi.org/10.5281/zenodo.896928}
}

@ARTICLE{huterer2006,
       author = {{Huterer}, Dragan and {Takada}, Masahiro and {Bernstein}, Gary and
         {Jain}, Bhuvnesh},
        title = "{Systematic errors in future weak-lensing surveys: requirements and prospects for self-calibration}",
      journal = {\mnras},
     keywords = {cosmological parameters, large-scale structure of Universe, Astrophysics},
         year = "2006",
        month = "Feb",
       volume = {366},
       number = {1},
        pages = {101-114},
          doi = {10.1111/j.1365-2966.2005.09782.x},
archivePrefix = {arXiv},
       eprint = {astro-ph/0506030},
 primaryClass = {astro-ph},
       adsurl = {https://ui.adsabs.harvard.edu/abs/2006MNRAS.366..101H},
      adsnote = {Provided by the SAO/NASA Astrophysics Data System}
}

@ARTICLE{jee2011,
       author = {{Jee}, M. James and {Tyson}, J. Anthony},
        title = "{Toward Precision LSST Weak-Lensing Measurement. I. Impacts of Atmospheric Turbulence and Optical Aberration}",
      journal = {\pasp},
     keywords = {Astrophysics - Instrumentation and Methods for Astrophysics, Astrophysics - Cosmology and Nongalactic Astrophysics},
         year = "2011",
        month = "May",
       volume = {123},
       number = {903},
        pages = {596},
          doi = {10.1086/660137},
archivePrefix = {arXiv},
       eprint = {1011.1913},
 primaryClass = {astro-ph.IM},
       adsurl = {https://ui.adsabs.harvard.edu/abs/2011PASP..123..596J},
      adsnote = {Provided by the SAO/NASA Astrophysics Data System}
}

@ARTICLE{DESY1shear,
       author = {{Zuntz}, J. and {Sheldon}, E. and {Samuroff}, S. and {Troxel}, M.~A. and
         {Jarvis}, M. and {MacCrann}, N. and {Gruen}, D. and {Prat}, J. and
         {S{\'a}nchez}, C. and {Choi}, A. and {Bridle}, S.~L. and
         {Bernstein}, G.~M. and {Dodelson}, S. and {Drlica-Wagner}, A. and
         {Fang}, Y. and {Gruendl}, R.~A. and {Hoyle}, B. and {Huff}, E.~M. and
         {Jain}, B. and {Kirk}, D. and {Kacprzak}, T. and {Krawiec}, C. and
         {Plazas}, A.~A. and {Rollins}, R.~P. and {Rykoff}, E.~S. and
         {Sevilla-Noarbe}, I. and {Soergel}, B. and {Varga}, T.~N. and
         {Abbott}, T.~M.~C. and {Abdalla}, F.~B. and {Allam}, S. and
         {Annis}, J. and {Bechtol}, K. and {Benoit-L{\'e}vy}, A. and
         {Bertin}, E. and {Buckley-Geer}, E. and {Burke}, D.~L. and
         {Carnero Rosell}, A. and {Carrasco Kind}, M. and {Carretero}, J. and
         {Castander}, F.~J. and {Crocce}, M. and {Cunha}, C.~E. and
         {D'Andrea}, C.~B. and {da Costa}, L.~N. and {Davis}, C. and
         {Desai}, S. and {Diehl}, H.~T. and {Dietrich}, J.~P. and {Doel}, P. and
         {Eifler}, T.~F. and {Estrada}, J. and {Evrard}, A.~E. and
         {Fausti Neto}, A. and {Fernandez}, E. and {Flaugher}, B. and
         {Fosalba}, P. and {Frieman}, J. and {Garc{\'\i}a-Bellido}, J. and
         {Gaztanaga}, E. and {Gerdes}, D.~W. and {Giannantonio}, T. and
         {Gschwend}, J. and {Gutierrez}, G. and {Hartley}, W.~G. and
         {Honscheid}, K. and {James}, D.~J. and {Jeltema}, T. and
         {Johnson}, M.~W.~G. and {Johnson}, M.~D. and {Kuehn}, K. and
         {Kuhlmann}, S. and {Kuropatkin}, N. and {Lahav}, O. and {Li}, T.~S. and
         {Lima}, M. and {Maia}, M.~A.~G. and {March}, M. and {Martini}, P. and
         {Melchior}, P. and {Menanteau}, F. and {Miller}, C.~J. and
         {Miquel}, R. and {Mohr}, J.~J. and {Neilsen}, E. and {Nichol}, R.~C. and
         {Ogando}, R.~L.~C. and {Roe}, N. and {Romer}, A.~K. and {Roodman}, A. and
         {Sanchez}, E. and {Scarpine}, V. and {Schindler}, R. and
         {Schubnell}, M. and {Smith}, M. and {Smith}, R.~C. and
         {Soares-Santos}, M. and {Sobreira}, F. and {Suchyta}, E. and
         {Swanson}, M.~E.~C. and {Tarle}, G. and {Thomas}, D. and
         {Tucker}, D.~L. and {Vikram}, V. and {Walker}, A.~R. and
         {Wechsler}, R.~H. and {Zhang}, Y. and {DES Collaboration}},
        title = "{Dark Energy Survey Year 1 results: weak lensing shape catalogues}",
      journal = {\mnras},
     keywords = {gravitational lensing: weak, methods: data analysis, techniques: image processing, catalogues, surveys, cosmology: observations, Astrophysics - Cosmology and Nongalactic Astrophysics},
         year = "2018",
        month = "Nov",
       volume = {481},
       number = {1},
        pages = {1149-1182},
          doi = {10.1093/mnras/sty2219},
archivePrefix = {arXiv},
       eprint = {1708.01533},
 primaryClass = {astro-ph.CO},
       adsurl = {https://ui.adsabs.harvard.edu/abs/2018MNRAS.481.1149Z},
      adsnote = {Provided by the SAO/NASA Astrophysics Data System}
}

@ARTICLE{great3,
       author = {{Mandelbaum}, Rachel and {Rowe}, Barnaby and {Bosch}, James and
         {Chang}, Chihway and {Courbin}, Frederic and {Gill}, Mandeep and
         {Jarvis}, Mike and {Kannawadi}, Arun and {Kacprzak}, Tomasz and
         {Lackner}, Claire and {Leauthaud}, Alexie and {Miyatake}, Hironao and
         {Nakajima}, Reiko and {Rhodes}, Jason and {Simet}, Melanie and
         {Zuntz}, Joe and {Armstrong}, Bob and {Bridle}, Sarah and
         {Coupon}, Jean and {Dietrich}, J{\"o}rg P. and {Gentile}, Marc and
         {Heymans}, Catherine and {Jurling}, Alden S. and {Kent}, Stephen M. and
         {Kirkby}, David and {Margala}, Daniel and {Massey}, Richard and
         {Melchior}, Peter and {Peterson}, John and {Roodman}, Aaron and
         {Schrabback}, Tim},
        title = "{The Third Gravitational Lensing Accuracy Testing (GREAT3) Challenge Handbook}",
      journal = {\apjs},
     keywords = {gravitational lensing: weak, methods: data analysis, methods: statistical, techniques: image processing, Astrophysics - Cosmology and Nongalactic Astrophysics},
         year = "2014",
        month = "May",
       volume = {212},
       number = {1},
          eid = {5},
        pages = {5},
          doi = {10.1088/0067-0049/212/1/5},
archivePrefix = {arXiv},
       eprint = {1308.4982},
 primaryClass = {astro-ph.CO},
       adsurl = {https://ui.adsabs.harvard.edu/abs/2014ApJS..212....5M},
      adsnote = {Provided by the SAO/NASA Astrophysics Data System}
}

@ARTICLE{chang2013,
       author = {{Chang}, C. and {Jarvis}, M. and {Jain}, B. and {Kahn}, S.~M. and
         {Kirkby}, D. and {Connolly}, A. and {Krughoff}, S. and {Peng}, E. -H. and
         {Peterson}, J.~R.},
        title = "{The effective number density of galaxies for weak lensing measurements in the LSST project}",
      journal = {\mnras},
     keywords = {methods: data analysis, cosmology: observations, Astrophysics - Cosmology and Nongalactic Astrophysics},
         year = "2013",
        month = "Sep",
       volume = {434},
       number = {3},
        pages = {2121-2135},
          doi = {10.1093/mnras/stt1156},
archivePrefix = {arXiv},
       eprint = {1305.0793},
 primaryClass = {astro-ph.CO},
       adsurl = {https://ui.adsabs.harvard.edu/abs/2013MNRAS.434.2121C},
      adsnote = {Provided by the SAO/NASA Astrophysics Data System}
}

@ARTICLE{ArmstrongCoadd,
   author = {{Armstrong, R., et al.}},
    title = "{The little coadd that could:  Estimating shear from coadded images}",
    year = {in prep.},
    journal = {in prep},
    note = "{in preparation}"
}

@ARTICLE{HSCY1shear,
       author = {{Mandelbaum}, Rachel and {Miyatake}, Hironao and {Hamana}, Takashi and
         {Oguri}, Masamune and {Simet}, Melanie and {Armstrong}, Robert and
         {Bosch}, James and {Murata}, Ryoma and {Lanusse}, Fran{\c{c}}ois and
         {Leauthaud}, Alexie and {Coupon}, Jean and {More}, Surhud and
         {Takada}, Masahiro and {Miyazaki}, Satoshi and {Speagle}, Joshua S. and
         {Shirasaki}, Masato and {Sif{\'o}n}, Crist{\'o}bal and {Huang}, Song and
         {Nishizawa}, Atsushi J. and {Medezinski}, Elinor and {Okura}, Yuki and
         {Okabe}, Nobuhiro and {Czakon}, Nicole and {Takahashi}, Ryuichi and
         {Coulton}, William R. and {Hikage}, Chiaki and {Komiyama}, Yutaka and
         {Lupton}, Robert H. and {Strauss}, Michael A. and {Tanaka}, Masayuki and
         {Utsumi}, Yousuke},
        title = "{The first-year shear catalog of the Subaru Hyper Suprime-Cam Subaru Strategic Program Survey}",
      journal = {\pasj},
     keywords = {cosmology: observations, gravitational lensing: weak, methods: data analysis, techniques: image processing, Astrophysics - Cosmology and Nongalactic Astrophysics, Astrophysics - Instrumentation and Methods for Astrophysics},
         year = "2018",
        month = "Jan",
       volume = {70},
          eid = {S25},
        pages = {S25},
          doi = {10.1093/pasj/psx130},
archivePrefix = {arXiv},
       eprint = {1705.06745},
 primaryClass = {astro-ph.CO},
       adsurl = {https://ui.adsabs.harvard.edu/abs/2018PASJ...70S..25M},
      adsnote = {Provided by the SAO/NASA Astrophysics Data System}
}

@ARTICLE{KIDS450shear,
       author = {{Fenech Conti}, I. and {Herbonnet}, R. and {Hoekstra}, H. and
         {Merten}, J. and {Miller}, L. and {Viola}, M.},
        title = "{Calibration of weak-lensing shear in the Kilo-Degree Survey}",
      journal = {\mnras},
     keywords = {gravitational lensing: weak, surveys, cosmology: observations, Astrophysics - Cosmology and Nongalactic Astrophysics, Astrophysics - Instrumentation and Methods for Astrophysics},
         year = "2017",
        month = "May",
       volume = {467},
       number = {2},
        pages = {1627-1651},
          doi = {10.1093/mnras/stx200},
archivePrefix = {arXiv},
       eprint = {1606.05337},
 primaryClass = {astro-ph.CO},
       adsurl = {https://ui.adsabs.harvard.edu/abs/2017MNRAS.467.1627F},
      adsnote = {Provided by the SAO/NASA Astrophysics Data System}
}

@ARTICLE{pujol2019,
       author = {{Pujol}, Arnau and {Kilbinger}, Martin and {Sureau}, Florent and
         {Bobin}, Jerome},
        title = "{A highly precise shear bias estimator independent of the measured shape noise}",
      journal = {\aap},
     keywords = {gravitational lensing: weak, methods: data analysis, methods: observational, methods: statistical, cosmology: observations, dark matter, Astrophysics - Cosmology and Nongalactic Astrophysics},
         year = "2019",
        month = "Jan",
       volume = {621},
          eid = {A2},
        pages = {A2},
          doi = {10.1051/0004-6361/201833740},
archivePrefix = {arXiv},
       eprint = {1806.10537},
 primaryClass = {astro-ph.CO},
       adsurl = {https://ui.adsabs.harvard.edu/abs/2019A&A...621A...2P},
      adsnote = {Provided by the SAO/NASA Astrophysics Data System}
}

@ARTICLE{heymans2006,
       author = {{Heymans}, Catherine and {Van Waerbeke}, Ludovic and {Bacon}, David and
         {Berge}, Joel and {Bernstein}, Gary and {Bertin}, Emmanuel and
         {Bridle}, Sarah and {Brown}, Michael L. and {Clowe}, Douglas and
         {Dahle}, H{\r{a}}kon and {Erben}, Thomas and {Gray}, Meghan and
         {Hetterscheidt}, Marco and {Hoekstra}, Henk and {Hudelot}, Patrick and
         {Jarvis}, Mike and {Kuijken}, Konrad and {Margoniner}, Vera and
         {Massey}, Richard and {Mellier}, Yannick and {Nakajima}, Reiko and
         {Refregier}, Alexandre and {Rhodes}, Jason and {Schrabback}, Tim and
         {Wittman}, David},
        title = "{The Shear Testing Programme - I. Weak lensing analysis of simulated ground-based observations}",
      journal = {\mnras},
     keywords = {gravitational lensing, cosmology: observations, large-scale structure of Universe, Astrophysics},
         year = "2006",
        month = "May",
       volume = {368},
       number = {3},
        pages = {1323-1339},
          doi = {10.1111/j.1365-2966.2006.10198.x},
archivePrefix = {arXiv},
       eprint = {astro-ph/0506112},
 primaryClass = {astro-ph},
       adsurl = {https://ui.adsabs.harvard.edu/abs/2006MNRAS.368.1323H},
      adsnote = {Provided by the SAO/NASA Astrophysics Data System}
}

@ARTICLE{Moffat1969,
   author = {{Moffat}, A.~F.~J.},
    title = "{A Theoretical Investigation of Focal Stellar Images in the Photographic Emulsion and Application to Photographic Photometry}",
  journal = {\aap},
     year = 1969,
    month = dec,
   volume = 3,
    pages = {455},
   adsurl = {http://adsabs.harvard.edu/abs/1969A%26A.....3..455M},
  adsnote = {Provided by the SAO/NASA Astrophysics Data System}
}

@ARTICLE{FPFS2018,
       author = {{Li}, Xiangchong and {Katayama}, Nobuhiko and {Oguri}, Masamune and
         {More}, Surhud},
        title = "{Fourier Power Function Shapelets (FPFS) shear estimator: performance on image simulations}",
      journal = {\mnras},
     keywords = {gravitational lensing: weak, cosmology: observations, techniques: image processing, Astrophysics - Cosmology and Nongalactic Astrophysics},
         year = "2018",
        month = "Dec",
       volume = {481},
       number = {4},
        pages = {4445-4460},
          doi = {10.1093/mnras/sty2548},
archivePrefix = {arXiv},
       eprint = {1805.08514},
 primaryClass = {astro-ph.CO},
       adsurl = {https://ui.adsabs.harvard.edu/abs/2018MNRAS.481.4445L},
      adsnote = {Provided by the SAO/NASA Astrophysics Data System}
}

@ARTICLE{BeckerMdetCoadd,
       author = {{Becker}, Matthew R. and {Sheldon}, Erin S. and {Jarvis}, Michael},
      journal = {in prep.},
         year = {in prep.},
}

@misc{JuricLSST2015,
  doi = {10.48550/ARXIV.1512.07914},
  url = {https://arxiv.org/abs/1512.07914},
  author = {Jurić, Mario and others},
  keywords = {Instrumentation and Methods for Astrophysics (astro-ph.IM), FOS: Physical sciences, FOS: Physical sciences},
  title = {The LSST Data Management System},
  publisher = {arXiv},
  year = {2015},
  copyright = {arXiv.org perpetual, non-exclusive license}
}

@article{BoschHSC2017,
    doi = {10.1093/pasj/psx080},
    url = {https://doi.org/10.1093%2Fpasj%2Fpsx080},
    year = 2017,
    month = {oct},
    publisher = {Oxford University Press ({OUP})},
    volume = {70},
    number = {{SP}1},
    author = {James Bosch and others},
    title = {The Hyper Suprime-Cam software pipeline},
    journal = {Publications of the Astronomical Society of Japan}
}

@article{DESCWLSanchez2021,
    doi = {10.1088/1475-7516/2021/07/043},
    url = {https://doi.org/10.1088%2F1475-7516%2F2021%2F07%2F043},
    year = 2021,
    month = {jul},
    publisher = {{IOP} Publishing},
    volume = {2021},
    number = {07},
    pages = {043},
    author = {Javier Sanchez and Ismael Mendoza and David P. Kirkby and Patricia R. Burchat},
    title = {Effects of overlapping sources on cosmic shear estimation: Statistical sensitivity and pixel-noise bias},
    journal = {Journal of Cosmology and Astroparticle Physics}
}

@article{IvezicLSST2008,
  title={LSST: from science drivers to reference design and anticipated data products},
  author={Ivezi\'c, \v{Z}. and Tyson, J.~A. and Acosta, E. and Allsman, R. and Anderson, S.~F. and Andrew, J. and Angel, J.~R.~P. and Axelrod, T.~S. and Barr, J.~D. and Becker, A.~C. and others},
  archivePrefix = "arXiv",
  eprint = {0805.2366v4},
  year={2008}
}

@article{DC2Abolfathi2021,
	doi = {10.3847/1538-4365/abd62c},
	url = {https://doi.org/10.3847%2F1538-4365%2Fabd62c},
	year = 2021,
	month = {mar},
	publisher = {American Astronomical Society},
	volume = {253},
	number = {1},
	pages = {31},
	author = {Bela Abolfathi and others},
	title = {The {LSST} {DESC} {DC}2 Simulated Sky Survey},
	journal = {The Astrophysical Journal Supplement Series}
}

@article{MelchiorScarlet2018,
	doi = {10.1016/j.ascom.2018.07.001},
	url = {https://doi.org/10.1016%2Fj.ascom.2018.07.001},
	year = 2018,
	month = {jul},
	publisher = {Elsevier {BV}},
	volume = {24},
	pages = {129--142},
	author = {P. Melchior and F. Moolekamp and M. Jerdee and R. Armstrong and A.-L. Sun and J. Bosch and R. Lupton},
	title = {scarlet: Source separation in multi-band images by Constrained Matrix Factorization},
	journal = {Astronomy and Computing}
}


@book{LuptonStats1993,
 ISBN = {9780691074290},
 URL = {http://www.jstor.org/stable/j.ctvzxx986},
 abstract = { Aimed at a diverse scientific audience, including physicists, astronomers, chemists, geologists, and economists, this book explains the theory underlying the classical statistical methods. Its level is between introductory "how to" texts and intimidating mathematical monographs. A reader without previous exposure to statistics will finish the book with a sound working knowledge of statistical methods, while a reader already familiar with the standard tests will come away with an understanding of their strengths, weaknesses, and domains of applicability. The mathematical level is that of an advanced undergraduate; for example, matrices and Fourier analysis are used where appropriate. Among the topics covered are common probability distributions; sampling and the distribution of sampling statistics; confidence intervals, hypothesis testing, and the theory of tests; estimation (including maximum likelihood); goodness of fit (including c2 and Kolmogorov-Smirnov tests); and non-parametric and rank tests. There are nearly one hundred problems (with answers) designed to bring out points in the text and to cover topics slightly outside the main line of development.},
 author = {Robert Lupton},
 publisher = {Princeton University Press},
 title = {Statistics in Theory and Practice},
 urldate = {2022-10-24},
 year = {1993}
}

@article{GattiY3Shear2021,
	doi = {10.1093/mnras/stab918},
	url = {https://doi.org/10.1093%2Fmnras%2Fstab918},
	year = 2021,
	month = {apr},
	publisher = {Oxford University Press ({OUP})},
	volume = {504},
	number = {3},
	pages = {4312--4336},
	author = {M Gatti and others},
	title = {Dark energy survey year 3 results: weak lensing shape catalogue},
	journal = {Monthly Notices of the Royal Astronomical Society}
}

@ARTICLE{HoekstraMdet2021a,
       author = {{Hoekstra}, Henk and {Kannawadi}, Arun and {Kitching}, Thomas D.},
        title = "{Accounting for object detection bias in weak gravitational lensing studies}",
      journal = {\aap},
     keywords = {gravitational lensing: weak, large-scale structure of Universe, Astrophysics - Cosmology and Nongalactic Astrophysics},
         year = 2021,
        month = feb,
       volume = {646},
          eid = {A124},
        pages = {A124},
          doi = {10.1051/0004-6361/202038998},
archivePrefix = {arXiv},
       eprint = {2010.04178},
 primaryClass = {astro-ph.CO},
       adsurl = {https://ui.adsabs.harvard.edu/abs/2021A&A...646A.124H},
      adsnote = {Provided by the SAO/NASA Astrophysics Data System}
}
@ARTICLE{HoekstraMdet2021b,
       author = {{Hoekstra}, Henk},
        title = "{A fully data-driven algorithm for accurate shear estimation}",
      journal = {\aap},
     keywords = {gravitational lensing: weak, cosmology: observations, Astrophysics - Cosmology and Nongalactic Astrophysics},
         year = 2021,
        month = dec,
       volume = {656},
          eid = {A135},
        pages = {A135},
          doi = {10.1051/0004-6361/202141670},
archivePrefix = {arXiv},
       eprint = {2108.10057},
 primaryClass = {astro-ph.CO},
       adsurl = {https://ui.adsabs.harvard.edu/abs/2021A&A...656A.135H},
      adsnote = {Provided by the SAO/NASA Astrophysics Data System}
}

@ARTICLE{LiFPFSNoise2022,
       author = {{Li}, Xiangchong and {Li}, Yin and {Massey}, Richard},
        title = "{Weak gravitational lensing shear measurement with FPFS: analytical mitigation of noise bias and selection bias}",
      journal = {\mnras},
     keywords = {gravitational lensing: weak, techniques: image processing, cosmology: observations, Astrophysics - Cosmology and Nongalactic Astrophysics, Astrophysics - Instrumentation and Methods for Astrophysics},
         year = 2022,
        month = apr,
       volume = {511},
       number = {4},
        pages = {4850-4860},
          doi = {10.1093/mnras/stac342},
archivePrefix = {arXiv},
       eprint = {2110.01214},
 primaryClass = {astro-ph.CO},
       adsurl = {https://ui.adsabs.harvard.edu/abs/2022MNRAS.511.4850L},
      adsnote = {Provided by the SAO/NASA Astrophysics Data System}
}

@ARTICLE{LiFPFSBlending2022,
       author = {{Li}, Xiangchong and {Mandelbaum}, Rachel},
        title = "{Analytical Weak-lensing Shear Responses of Galaxy Properties and Galaxy Detection}",
      journal = {arXiv e-prints},
     keywords = {Astrophysics - Cosmology and Nongalactic Astrophysics, Astrophysics - Instrumentation and Methods for Astrophysics},
         year = 2022,
        month = aug,
          eid = {arXiv:2208.10522},
        pages = {arXiv:2208.10522},
archivePrefix = {arXiv},
       eprint = {2208.10522},
 primaryClass = {astro-ph.CO},
       adsurl = {https://ui.adsabs.harvard.edu/abs/2022arXiv220810522L},
      adsnote = {Provided by the SAO/NASA Astrophysics Data System}
}

@ARTICLE{MacCrann2022,
       author = {{MacCrann}, N. and others},
        title = "{Dark Energy Survey Y3 results: blending shear and redshift biases in image simulations}",
      journal = {\mnras},
     keywords = {gravitational lensing: weak, large-scale structure of Universe, Astrophysics - Cosmology and Nongalactic Astrophysics},
         year = 2022,
        month = jan,
       volume = {509},
       number = {3},
        pages = {3371-3394},
          doi = {10.1093/mnras/stab2870},
archivePrefix = {arXiv},
       eprint = {2012.08567},
 primaryClass = {astro-ph.CO},
       adsurl = {https://ui.adsabs.harvard.edu/abs/2022MNRAS.509.3371M},
      adsnote = {Provided by the SAO/NASA Astrophysics Data System}
}


@ARTICLE{LiNofz2022,
       author = {{Li}, Shun-Sheng and {Kuijken}, Konrad and {Hoekstra}, Henk and {Miller}, Lance and {Heymans}, Catherine and {Hildebrandt}, Hendrik and {van den Busch}, Jan Luca and {Wright}, Angus H. and {Yoon}, Mijin and {Bilicki}, Maciej and {Bravo}, Mat{\'\i}as and {Lagos}, Claudia del P.},
        title = "{KiDS-Legacy calibration: unifying shear and redshift calibration with the SKiLLS multi-band image simulations}",
      journal = {arXiv e-prints},
     keywords = {Astrophysics - Cosmology and Nongalactic Astrophysics},
         year = 2022,
        month = oct,
          eid = {arXiv:2210.07163},
        pages = {arXiv:2210.07163},
archivePrefix = {arXiv},
       eprint = {2210.07163},
 primaryClass = {astro-ph.CO},
       adsurl = {https://ui.adsabs.harvard.edu/abs/2022arXiv221007163L},
      adsnote = {Provided by the SAO/NASA Astrophysics Data System}
}

@ARTICLE{Euclid2011,
       author = {{Laureijs}, R. and others},
        title = "{Euclid Definition Study Report}",
      journal = {arXiv e-prints},
     keywords = {Astrophysics - Cosmology and Extragalactic Astrophysics, Astrophysics - Galaxy Astrophysics},
         year = 2011,
        month = oct,
          eid = {arXiv:1110.3193},
        pages = {arXiv:1110.3193},
archivePrefix = {arXiv},
       eprint = {1110.3193},
 primaryClass = {astro-ph.CO},
       adsurl = {https://ui.adsabs.harvard.edu/abs/2011arXiv1110.3193L},
      adsnote = {Provided by the SAO/NASA Astrophysics Data System}
}

@ARTICLE{Roman2015,
       author = {{Spergel}, D. and others},
        title = "{Wide-Field InfrarRed Survey Telescope-Astrophysics Focused Telescope Assets WFIRST-AFTA 2015 Report}",
      journal = {arXiv e-prints},
     keywords = {Astrophysics - Instrumentation and Methods for Astrophysics},
         year = 2015,
        month = mar,
          eid = {arXiv:1503.03757},
        pages = {arXiv:1503.03757},
archivePrefix = {arXiv},
       eprint = {1503.03757},
 primaryClass = {astro-ph.IM},
       adsurl = {https://ui.adsabs.harvard.edu/abs/2015arXiv150303757S},
      adsnote = {Provided by the SAO/NASA Astrophysics Data System}
}
@ARTICLE{AkesonRoman2019,
       author = {{Akeson}, Rachel and others},
        title = "{The Wide Field Infrared Survey Telescope: 100 Hubbles for the 2020s}",
      journal = {arXiv e-prints},
     keywords = {Astrophysics - Instrumentation and Methods for Astrophysics, Astrophysics - Astrophysics of Galaxies},
         year = 2019,
        month = feb,
          eid = {arXiv:1902.05569},
        pages = {arXiv:1902.05569},
          doi = {10.48550/arXiv.1902.05569},
archivePrefix = {arXiv},
       eprint = {1902.05569},
 primaryClass = {astro-ph.IM},
       adsurl = {https://ui.adsabs.harvard.edu/abs/2019arXiv190205569A},
      adsnote = {Provided by the SAO/NASA Astrophysics Data System}
}


@ARTICLE{SuchytaBalrog2016,
       author = {{Suchyta}, E. and others},
        title = "{No galaxy left behind: accurate measurements with the faintest objects in the Dark Energy Survey}",
      journal = {\mnras},
     keywords = {methods: data analysis, methods: miscellaneous, techniques: image processing, galaxies: statistics, Astrophysics - Astrophysics of Galaxies, Astrophysics - Cosmology and Nongalactic Astrophysics, Astrophysics - Instrumentation and Methods for Astrophysics},
         year = 2016,
        month = mar,
       volume = {457},
       number = {1},
        pages = {786-808},
          doi = {10.1093/mnras/stv2953},
archivePrefix = {arXiv},
       eprint = {1507.08336},
 primaryClass = {astro-ph.GA},
       adsurl = {https://ui.adsabs.harvard.edu/abs/2016MNRAS.457..786S},
      adsnote = {Provided by the SAO/NASA Astrophysics Data System}
}


@ARTICLE{EverettBalrog2022,
       author = {{Everett}, S. and others},
        title = "{Dark Energy Survey Year 3 Results: Measuring the Survey Transfer Function with Balrog}",
      journal = {\apjs},
     keywords = {343, 1464, 351, 1857, Astrophysics - Cosmology and Nongalactic Astrophysics, Astrophysics - Instrumentation and Methods for Astrophysics},
         year = 2022,
        month = jan,
       volume = {258},
       number = {1},
          eid = {15},
        pages = {15},
          doi = {10.3847/1538-4365/ac26c1},
archivePrefix = {arXiv},
       eprint = {2012.12825},
 primaryClass = {astro-ph.CO},
       adsurl = {https://ui.adsabs.harvard.edu/abs/2022ApJS..258...15E},
      adsnote = {Provided by the SAO/NASA Astrophysics Data System}
}

@misc{SRD,
  doi = {10.48550/ARXIV.1809.01669},
  url = {https://arxiv.org/abs/1809.01669},
  author = {Mandelbaum, Rachel and others},
  keywords = {Cosmology and Nongalactic Astrophysics (astro-ph.CO), FOS: Physical sciences, FOS: Physical sciences},
  title = {The LSST Dark Energy Science Collaboration (DESC) Science Requirements Document},
  publisher = {arXiv},
  year = {2018},
  copyright = {arXiv.org perpetual, non-exclusive license}
}

@ARTICLE{Massey2013,
       author = {{Massey}, Richard and {Hoekstra}, Henk and {Kitching}, Thomas and {Rhodes}, Jason and {Cropper}, Mark and {Amiaux}, J{\'e}r{\^o}me and {Harvey}, David and {Mellier}, Yannick and {Meneghetti}, Massimo and {Miller}, Lance and {Paulin-Henriksson}, St{\'e}phane and {Pires}, Sandrine and {Scaramella}, Roberto and {Schrabback}, Tim},
        title = "{Origins of weak lensing systematics, and requirements on future instrumentation (or knowledge of instrumentation)}",
      journal = {\mnras},
     keywords = {gravitational lensing: weak, instrumentation: detectors, methods: data analysis, space vehicles: instruments, telescopes, cosmological parameters, Astrophysics - Cosmology and Nongalactic Astrophysics, Astrophysics - Instrumentation and Methods for Astrophysics},
         year = 2013,
        month = feb,
       volume = {429},
       number = {1},
        pages = {661-678},
          doi = {10.1093/mnras/sts371},
archivePrefix = {arXiv},
       eprint = {1210.7690},
 primaryClass = {astro-ph.CO},
       adsurl = {https://ui.adsabs.harvard.edu/abs/2013MNRAS.429..661M},
      adsnote = {Provided by the SAO/NASA Astrophysics Data System}
}

@ARTICLE{Kamath2020,
       author = {{Kamath}, Sowmya and {Meyers}, Joshua E. and {Burchat}, Patricia R. and {(LSST Dark Energy Science Collaboration}},
        title = "{Shear Measurement Bias Due to Spatially Varying Spectral Energy Distributions in Galaxies}",
      journal = {\apj},
     keywords = {Weak gravitational lensing, Cosmology, Astronomical techniques, Observational cosmology, Gravitational lensing shear, 1797, 343, 1684, 1146, 671},
         year = 2020,
        month = jan,
       volume = {888},
       number = {1},
          eid = {23},
        pages = {23},
          doi = {10.3847/1538-4357/ab54cb},
       adsurl = {https://ui.adsabs.harvard.edu/abs/2020ApJ...888...23K},
      adsnote = {Provided by the SAO/NASA Astrophysics Data System}
}

@ARTICLE{PlazasPSF2012,
       author = {{Plazas}, Andr{\'e}s Alejandro and {Bernstein}, Gary},
        title = "{Atmospheric Dispersion Effects in Weak Lensing Measurements}",
      journal = {\pasp},
     keywords = {Astrophysics - Instrumentation and Methods for Astrophysics, Astrophysics - Cosmology and Nongalactic Astrophysics},
         year = 2012,
        month = oct,
       volume = {124},
       number = {920},
        pages = {1113},
          doi = {10.1086/668294},
archivePrefix = {arXiv},
       eprint = {1204.1346},
 primaryClass = {astro-ph.IM},
       adsurl = {https://ui.adsabs.harvard.edu/abs/2012PASP..124.1113P},
      adsnote = {Provided by the SAO/NASA Astrophysics Data System}
}


